@article{higham2019deep,
  author    = {Higham, Catherine F. and Higham, Desmond J.},
  title     = {Deep Learning: An Introduction for Applied Mathematicians},
  journal   = {SIAM Review},
  volume    = {61},
  number    = {4},
  pages     = {860--891},
  year      = {2019},
  doi       = {10.1137/18M1165748},
  publisher = {SIAM},
  url       = {https://doi.org/10.1137/18M1165748}
}

@book{goodfellow2016deep,
  author    = {Ian Goodfellow and Yoshua Bengio and Aaron Courville},
  title     = {Deep Learning},
  publisher = {MIT Press},
  year      = {2016},
  address   = {Cambridge, MA},
  url       = {https://www.deeplearningbook.org/}
}

@misc{openai2024chatgpt,
  author       = {OpenAI},
  title        = {ChatGPT: Optimizing Language Models for Dialogue},
  year         = {2024},
  howpublished = {\url{https://openai.com/blog/chatgpt}},
  note         = {Accessed: 2025-07-16}
}